<marc:collection xmlns:marc="http://www.loc.gov/MARC21/slim" xmlns:xsi="http://www.w3.org/2001/XMLSchema-instance" xsi:schemaLocation="http://www.loc.gov/MARC21/slim http://www.loc.gov/standards/marcxml/schema/MARC21slim.xsd">
    <marc:record type="Bibliographic">
        <marc:leader>01569cem a22003613a 4500</marc:leader>
        <marc:controlfield tag="001">6830163</marc:controlfield>
        <marc:controlfield tag="005">20141202155453.0</marc:controlfield>
        <marc:controlfield tag="008">110422s1984    xx     zz a     0   rus d</marc:controlfield>
        <marc:datafield tag="034" ind1="1" ind2=" ">
            <marc:subfield code="a">a</marc:subfield>
            <marc:subfield code="b">10000</marc:subfield>
            <marc:subfield code="d">81.25</marc:subfield>
            <marc:subfield code="e">81.4</marc:subfield>
            <marc:subfield code="f">43.96666666666667</marc:subfield>
            <marc:subfield code="g">43.86666666666667</marc:subfield>
        </marc:datafield>
        <marc:datafield tag="035" ind1=" " ind2=" ">
            <marc:subfield code="a">(NjP Geomap) 63253</marc:subfield>
        </marc:datafield>
        <marc:datafield tag="040" ind1=" " ind2=" ">
            <marc:subfield code="c">NjP</marc:subfield>
        </marc:datafield>
        <marc:datafield tag="041" ind1="0" ind2=" ">
            <marc:subfield code="a">rus</marc:subfield>
        </marc:datafield>
        <marc:datafield tag="245" ind1="0" ind2="0">
            <marc:subfield code="a">Kitai Sin'tszian-Uiguruskii autonomnyi raion. Kul'dzha (inin) (K-44-7)</marc:subfield>
            <marc:subfield code="h">[cartographic material].</marc:subfield>
        </marc:datafield>
        <marc:datafield tag="250" ind1=" " ind2=" ">
            <marc:subfield code="a">2002 [electronic data]</marc:subfield>
        </marc:datafield>
        <marc:datafield tag="255" ind1=" " ind2=" ">
            <marc:subfield code="a">Scale 1:10,000 or 1cm = 100m</marc:subfield>
            <marc:subfield code="b">Krassovsky proj.</marc:subfield>
            <marc:subfield code="c">(E 81°15ʹ--E 81°24ʹ/N 43°58ʹ--N 43°52ʹ)</marc:subfield>
        </marc:datafield>
        <marc:datafield tag="260" ind1=" " ind2=" ">
            <marc:subfield code="a">Moscow :</marc:subfield>
            <marc:subfield code="b">General'nyi shtab. Voenno-topograficheskoe upravlenie,</marc:subfield>
            <marc:subfield code="c">1984.</marc:subfield>
        </marc:datafield>
        <marc:datafield tag="300" ind1=" " ind2=" ">
            <marc:subfield code="a">1 map on 2 sheets.</marc:subfield>
        </marc:datafield>
        <marc:datafield tag="500" ind1=" " ind2=" ">
            <marc:subfield code="a">Russia (Federation). General'nyi shtab. Voenno-topograficheskoe upravlenie.</marc:subfield>
        </marc:datafield>
        <marc:datafield tag="500" ind1=" " ind2=" ">
            <marc:subfield code="a">East View Cartographic.</marc:subfield>
        </marc:datafield>
        <marc:datafield tag="500" ind1=" " ind2=" ">
            <marc:subfield code="a">Soviet Union. Sovetskaia Armiia General'nyi shtab.</marc:subfield>
        </marc:datafield>
        <marc:datafield tag="500" ind1=" " ind2=" ">
            <marc:subfield code="a">Title from disc: Yining, sheet #1, #2. At head of title: China: 1:10,000 Russian city plan. Gauss-Krugger/Pulkovo 1942/Krassovsky projection. 1 computer optical disc, 4 3/4 in. Raster. Format: Tiff.</marc:subfield>
        </marc:datafield>
        <marc:datafield tag="546" ind1=" " ind2=" ">
            <marc:subfield code="a">In Russian.</marc:subfield>
        </marc:datafield>
        <marc:datafield tag="653" ind1=" " ind2="0">
            <marc:subfield code="a">City plan</marc:subfield>
        </marc:datafield>
        <marc:datafield tag="650" ind1=" " ind2="0">
            <marc:subfield code="a">Topographic maps.</marc:subfield>
        </marc:datafield>
        <marc:datafield tag="651" ind1=" " ind2="0">
            <marc:subfield code="a">China</marc:subfield>
            <marc:subfield code="v">Maps.</marc:subfield>
        </marc:datafield>
        <marc:datafield tag="651" ind1=" " ind2="7">
            <marc:subfield code="a">China--Yining.</marc:subfield>
            <marc:subfield code="2">local</marc:subfield>
        </marc:datafield>
        <marc:datafield tag="651" ind1=" " ind2="7">
            <marc:subfield code="a">China--Xinjiang Uygur Zizhiqui.</marc:subfield>
            <marc:subfield code="2">local</marc:subfield>
        </marc:datafield>
        <marc:datafield tag="651" ind1=" " ind2="7">
            <marc:subfield code="a">China--Xinjiang Uygur Autonomous Reg.</marc:subfield>
            <marc:subfield code="2">local</marc:subfield>
        </marc:datafield>
        <marc:datafield tag="651" ind1=" " ind2="7">
            <marc:subfield code="a">Yining.</marc:subfield>
            <marc:subfield code="2">local</marc:subfield>
        </marc:datafield>
        <marc:datafield tag="651" ind1=" " ind2="7">
            <marc:subfield code="a">Yining Zhou.</marc:subfield>
            <marc:subfield code="2">local</marc:subfield>
        </marc:datafield>
        <marc:datafield tag="852" ind1="8" ind2=" ">
            <marc:subfield code="b">scimm</marc:subfield>
            <marc:subfield code="h">COMPUTER FILE 128</marc:subfield>
        </marc:datafield>
        <marc:datafield tag="856" ind1="4" ind2=" ">
            <marc:subfield code="u">http://gisserver.princeton.edu/map/710</marc:subfield>
        </marc:datafield>
        <marc:datafield tag="856" ind1="4" ind2=" ">
            <marc:subfield code="u">http://gisserver.princeton.edu/map/711</marc:subfield>
        </marc:datafield>
    </marc:record>
    <marc:record type="Holdings">
        <marc:leader>00181nx  a22000851  4500</marc:leader>
        <marc:controlfield tag="001">6752471</marc:controlfield>
        <marc:controlfield tag="004">6830163</marc:controlfield>
        <marc:controlfield tag="005">20110927205538.0</marc:controlfield>
        <marc:controlfield tag="008">1109270u||||8|||4001uu|||0000000</marc:controlfield>
        <marc:datafield tag="852" ind1="8" ind2=" ">
            <marc:subfield code="b">scimm</marc:subfield>
            <marc:subfield code="h">COMPUTER FILE 128</marc:subfield>
        </marc:datafield>
    </marc:record>
    <marc:record type="Holdings">
        <marc:leader>00182nx  a22000854  4500</marc:leader>
        <marc:controlfield tag="001">7324565</marc:controlfield>
        <marc:controlfield tag="004">6830163</marc:controlfield>
        <marc:controlfield tag="005">20130514135044.0</marc:controlfield>
        <marc:controlfield tag="008">1305144u    8   1001uu   0901128</marc:controlfield>
        <marc:datafield tag="852" ind1="8" ind2=" ">
            <marc:subfield code="b">elf1</marc:subfield>
            <marc:subfield code="h">Electronic Resource</marc:subfield>
        </marc:datafield>
    </marc:record>
</marc:collection>
